# En este archivo se coloca la bibliografía en formato BibTeX, se recomienda buscar el documento en scholar.google.com y luego hacer click en "citar" y seleccionar el formato "BibTeX" para obtener el snippet que debe ir aquí.

% Recuerde que hay que citar estas entradas en el documento para que aparezcan en la bibliografía. e.g. \cite{schwab2002cure}

% Recuerde NO reemplazar los "and" por "y" en los campos de author, ¡Puesto que "and" es una palabra clave para separarlos!
@article{sweeney2002k,
  title={k-anonymity: A model for protecting privacy},
  author={Sweeney, Latanya},
  journal={International Journal of Uncertainty, Fuzziness and Knowledge-Based Systems},
  volume={10},
  number={05},
  pages={557--570},
  year={2002},
  publisher={World Scientific}
}

@article{dwork2011firm,
  title={A firm foundation for private data analysis},
  author={Dwork, Cynthia},
  journal={Communications of the ACM},
  volume={54},
  number={1},
  pages={86--95},
  year={2011},
  publisher={ACM}
}

@inproceedings{smith2012pinning,
  title={Pinning down “privacy” in statistical databases},
  author={Smith, Adam},
  booktitle={Tutorial in Proceedings of the 32nd International Cryptology Conference (CRYPTO)},
  year={2012}
}

@inproceedings{machanavajjhala2006ell,
  title={$\ell$-Diversity: Privacy Beyond $\kappa$-Anonymity},
  author={Machanavajjhala, Ashwin and Gehrke, Johannes and Kifer, Daniel and Venkitasubramaniam, Muthuramakrishnan},
  booktitle={null},
  pages={24},
  year={2006},
  organization={IEEE}
}

@article{del2013bases,
  title={Bases de datos NoSQL},
  author={del Busto, Hansel Gracia and Enr{\'\i}quez, Osmel Yanes},
  journal={Revista Telem@tica},
  volume={11},
  number={3},
  pages={21--33},
  year={2013}
}

@article{romero2012utilidad,
  title={Utilidad y funcionamiento de las bases de datos NoSQL},
  author={Romero, Alexander Castro and Sanabria, Juan Sebasti{\'a}n Gonz{\'a}lez and Cuervo, Mauro Callejas},
  journal={Facultad de Ingenier{\'\i}a},
  volume={21},
  number={33},
  pages={21--32},
  year={2012},
  publisher={Universidad Pedag{\'o}gica y Tecnol{\'o}gica de Colombia}
}

@article{angles2008survey,
  title={Survey of graph database models},
  author={Angles, Renzo and Gutierrez, Claudio},
  journal={ACM Computing Surveys (CSUR)},
  volume={40},
  number={1},
  pages={1},
  year={2008},
  publisher={ACM}
}

@incollection{dwork2011differential,
  title={Differential privacy},
  author={Dwork, Cynthia},
  booktitle={Encyclopedia of Cryptography and Security},
  pages={338--340},
  year={2011},
  publisher={Springer}
}

@inproceedings{dwork2008differential,
  title={Differential privacy: A survey of results},
  author={Dwork, Cynthia},
  booktitle={International Conference on Theory and Applications of Models of Computation},
  pages={1--19},
  year={2008},
  organization={Springer}
}

@article{dwork2014algorithmic,
  title={The algorithmic foundations of differential privacy},
  author={Dwork, Cynthia and Roth, Aaron and others},
  journal={Foundations and Trends{\textregistered} in Theoretical Computer Science},
  volume={9},
  number={3--4},
  pages={211--407},
  year={2014},
  publisher={Now Publishers, Inc.}
}

@article{zhu2017differentially,
  title={Differentially private data publishing and analysis: a survey},
  author={Zhu, Tianqing and Li, Gang and Zhou, Wanlei and Philip, S Yu},
  journal={IEEE Transactions on Knowledge and Data Engineering},
  volume={29},
  number={8},
  pages={1619--1638},
  year={2017},
  publisher={IEEE}
}

@inproceedings{wang2012differential,
  title={Differential Privacy: A short tutorial},
  author={Wang, Yuxiang},
  booktitle={Differential Privacy and Machine Learning},
  year={2012}
}
